% Add the references below. You need to run bibtex and then latex
%  over the report to see the updated references.

% Authors are alphabetized by last names.  When an author is an institutions,
%  the name is enclosed in curly brackets to force alphabetizing by the
%  first letter of the name , e.g., {American Mathematical Society}, as in
%  an entry below.

@ARTICLE{chi1,
	author = {Chernoff, H.},
	title ={The use of maximum likelihood estimates in chi-squared test for goodness-of-fit},
	journal = {The Annals of Mathematical Statistics},
	year = {1954},
	note = {\\ \\ Describes the use of Chi-Squared tests for the purpose of finding significance}
}

@ARTICLE{chi2,
	author = {Plackett, R.L.},
	title ={Karl Pearson and the Chi-Squared Test},
	journal = {International Statistical Review},
	year = {1983},
	note = {\\ \\ Brief overview of Karl Pearson and his discovery of the Chi-Squared Test}
}

@BOOK{chi3,
    AUTHOR = {Greenwood, P.E.},
     TITLE = {A guide to chi-squared testing},
      NOTE = {},
 PUBLISHER = {J. Wiley},
   EDITION = {First},
   ADDRESS = {New York, NY},
      YEAR = {1996},
     PAGES = {},
      ISBN = {047155779},
}

@MISC{heat1,
    AUTHOR ={ {Georgia State University Department of Physics and Astronomy} },
     TITLE ={{\em Specific heats and molar heat capacities for various substances at 20 C}},
      NOTE = {$\langle$\texttt{http://hyperphysics.phy-astr.gsu.edu/hbase/tables/sphtt.html/$\rangle$}.  Accessed December 1, 2012.},
} 


@BOOK{heat2,
    author = {Tipler, Paul A.},
    editor = {},
    title = {Physics for Scientists and Engineers},
    edition = {4th},
    publisher = {W.H. Freeman},
    year = {1999},
    Note= {\\ \\ Physics reference useful for understanding the relationship between temperature, specific heat capacities, and dilution.}
}
